<?xml version="1.0" encoding="UTF-8"?><collection xmlns="http://www.loc.gov/MARC21/slim"><record><leader>00464nam--2200169-u-4500</leader><controlfield tag="001">000051481</controlfield><controlfield tag="002">20161230</controlfield><controlfield tag="005">20161230201049</controlfield><controlfield tag="008">080722s1000------------r-----000-0-eng-d</controlfield><datafield ind1=" " ind2=" " tag="040"><subfield code="a">IFIN-HH</subfield></datafield><datafield ind1=" " ind2=" " tag="080"><subfield code="a">517.2</subfield></datafield><datafield ind1="1" ind2=" " tag="100"><subfield code="a">Veselov,V.V.,Gontov,D.P. i Pustylnikov,L.M</subfield></datafield><datafield ind1="1" ind2="0" tag="245"><subfield code="a">Variatsionnyi Podkhod k Zadacham Interpolyatsii Fizicheskikh Polei</subfield></datafield><datafield ind1=" " ind2=" " tag="260"><subfield code="a">Moskva</subfield><subfield code="b">Nauka</subfield><subfield code="c">1983</subfield></datafield><datafield ind1=" " ind2=" " tag="300"><subfield code="a">118 p</subfield></datafield><datafield ind1=" " ind2=" " tag="852"><subfield code="a">70973</subfield><subfield code="c">517.2/3</subfield></datafield><datafield ind1=" " ind2=" " tag="CAT"><subfield code="a">Sys</subfield><subfield code="c">20080722</subfield><subfield code="h">082923</subfield></datafield></record></collection>